<?xml version="1.0" encoding="UTF-8"?><collection xmlns="http://www.loc.gov/MARC21/slim"><record><leader>00393nam--2200133-i-4500</leader><controlfield tag="001">000032346</controlfield><controlfield tag="002">20161230</controlfield><controlfield tag="005">20161230201039</controlfield><controlfield tag="008">060222s1000------------r-----000-0-eng-d</controlfield><datafield ind1=" " ind2=" " tag="080"><subfield code="a">620.179.15(043)</subfield></datafield><datafield ind1=" " ind2=" " tag="100"><subfield code="a">Minier-cassayre, Colette</subfield></datafield><datafield ind1=" " ind2=" " tag="245"><subfield code="a">Etude au moyen de la resistivite electrique des defauts ponctuels dans le fer ... these</subfield></datafield><datafield ind1=" " ind2=" " tag="260"><subfield code="a">Grenoble, L`Univ., 1965, 74p</subfield></datafield><datafield ind1=" " ind2=" " tag="852"><subfield code="a">77107</subfield></datafield></record></collection>